%% This BibTeX bibliography file was created using BibDesk.
%% http://bibdesk.sourceforge.net/

@unpublished{pap:wuSFS,
	Author = {Ying-Qing Wu},
	Date-Added = {2012-09-20 11:27:14 -0500},
	Date-Modified = {2012-10-23 12:24:14 -0500},
	Note = {arXiv:1207.0154},
	Title = {Seifert fibered surgery on {M}ontesinos knots},
	Year = {2012}}

@unpublished{pap:donaldembedding,
	Author = {Donald, Andrew},
	Date-Added = {2012-09-20 11:27:14 -0500},
	Date-Modified = {2012-10-23 12:24:14 -0500},
	Note = {arXiv:1203.6008},
	Title = {Embedding {S}eifert manifolds in $S^4$},
	Year = {2012}}

@unpublished{pap:bgw,
	Author = {Steven Boyer and Cameron {\relax McA}. Gordon and Liam Watson},
	Date-Added = {2012-09-20 11:27:14 -0500},
	Date-Modified = {2012-10-23 12:24:14 -0500},
	Note = {arXiv:1107.5016},
	Title = {On {L}-spaces and left-orderable fundamental groups},
	Year = {2011}}

@unpublished{pap:doigfinite,
	Author = {Margaret I. Doig},
	Date-Added = {2012-09-20 11:27:14 -0500},
	Date-Modified = {2012-10-23 12:24:14 -0500},
	Note = {arXiv:1201.4187v2},
	Title = {Finite knot surgeries and {H}eegaard {F}loer homology},
	Year = {2012}}

@unpublished{pap:doigobstructing,
	Author = {Margaret I. Doig},
	Date-Added = {2012-09-20 11:27:14 -0500},
	Date-Modified = {2012-10-23 12:24:14 -0500},
	Note = {arXiv:1302.6130v1},
	Title = {Obstructing finite surgery},
	Year = {2012}}

@unpublished{pap:greenecabling,
	Author = {Joshua Evan Greene},
	Date-Added = {2012-09-20 11:27:14 -0500},
	Date-Modified = {2012-10-23 12:24:14 -0500},
	Note = {arXiv:1009.1130v2},
	Title = {L-space surgeries, genus bounds, and the cabling conjecture},
	Year = {2010}}

@unpublished{pap:ichihara-masai,
	Author = {Ichihara, Kazuhiro and Masai, Hidetoshi},
	Date-Added = {2012-09-20 11:27:14 -0500},
	Date-Modified = {2012-10-23 12:24:14 -0500},
	Note = {arXiv:1310.3472},
	Title = {Exceptional surgeries on alternating knots},
	Year = {2013}}	

@unpublished{pap:motegi-teragaito,
	Author = {Motegi, Kimihiko and Teragaito, Masakazu},
	Date-Added = {2012-09-20 11:27:14 -0500},
	Date-Modified = {2012-10-23 12:24:14 -0500},
	Note = {arXiv:1301.5729v2},
	Title = {Left-orderable, non--$L$--space surgeries on knots},
	Year = {2013}}

@unpublished{pap:nili,
	Author = {Ni, Yi and Li, Eileen},
	Date-Added = {2012-09-20 11:27:14 -0500},
	Date-Modified = {2012-10-23 12:24:14 -0500},
	Note = {arXiv:1310.1346},
	Title = {Half-integral finite surgeries on knots in $S^3$},
	Year = {2013}}

@unpublished{pap:niwucosmetic,
	Author = {Ni, Yi and Wu, Zhongtao},
	Date-Added = {2012-09-20 11:27:14 -0500},
	Date-Modified = {2012-10-23 12:24:14 -0500},
	Note = {arXiv:1009.4720v2},
	Title = {Cosmetic surgeries on knots in $S^3$},
	Year = {2010}}

@unpublished{pap:niwurational,
	Author = {Ni, Yi and Wu, Zhongtao},
	Date-Added = {2012-09-20 11:27:14 -0500},
	Date-Modified = {2012-10-23 12:24:14 -0500},
	Note = {arXiv:1205.7053},
	Title = {Heegaard {F}loer correction terms and rational genus bounds},
	Year = {2012}}

@unpublished{pap:perelman2,
	Author = {Perelman, Grisha},
	Date-Added = {2013-09-16 11:27:03 -0500},
	Date-Modified = {2013-09-16 11:36:21 -0500},
	Note = {arXiv:math.DG/0307245},
	Title = {Finite extinction time for the solutions to the {R}icci flow on certain three-manifolds},
	Year = {2003}}

@unpublished{pap:perelman1,
	Author = {Perelman, Grisha},
	Date-Added = {2013-09-16 11:27:00 -0500},
	Date-Modified = {2013-09-16 11:37:58 -0500},
	Note = {arXiv:math.DG/0211159},
	Title = {The entropy formula for {R}icci flow and its geometric applications},
	Year = {2002}}

@unpublished{pap:perelman3,
	Author = {Perelman, Grisha},
	Date-Added = {2013-09-16 11:26:52 -0500},
	Date-Modified = {2013-09-16 11:34:44 -0500},
	Note = {arXiv:math.DG/0303109},
	Title = {Ricci flow with surgery on three-manifolds},
	Year = {2003}}


@article {pap:akbulutkirby,
    AUTHOR = {Akbulut, Selman and Kirby, Robion},
     TITLE = {Branched covers of surfaces in {$4$}-manifolds},
   JOURNAL = {Math. Ann.},
  FJOURNAL = {Mathematische Annalen},
    VOLUME = {252},
      YEAR = {1979/80},
    NUMBER = {2},
     PAGES = {111--131}}
     
@article {pap:boyer_proper_powers,
    AUTHOR = {Boyer, S.},
     TITLE = {On proper powers in free products and {D}ehn surgery},
   JOURNAL = {J. Pure Appl. Algebra},
    VOLUME = {51},
      YEAR = {1988},
     PAGES = {217--229}}
     
@misc{pap:boyer_watson_graph_LS,
 author               = {S. Boyer and L. Watson},
 howpublished         = {\url{http://arxiv.org/abs/1401.7726}},
 title                = {Foliations, orders, representations, L-spaces and graph manifolds},
 year                 = {2014},
 }

@article {pap:boyerzhangfinite,
    AUTHOR = {Boyer, S. and Zhang, X.},
     TITLE = {Finite {D}ehn surgery on knots},
   JOURNAL = {J. Amer. Math. Soc.},
  FJOURNAL = {Journal of the American Mathematical Society},
    VOLUME = {9},
      YEAR = {1996},
    NUMBER = {4},
     PAGES = {1005--1050}}
     
@article{pap:boyerzhang-red-tor,
 author               = {S. Boyer and X. Zhang},
 journal              = {Topology and its Applications},
 pages                = {237--300},
 title                = {Reducing {D}ehn filling and toroidal {D}ehn filling},
 volume               = {68},
 year                 = {1996},
 }
 
@article{pap:boyerzhang-seminorm-DF,
  author               = {Boyer, S. and Zhang, X.},
  coden                = {ANMAAH},
  doi                  = {10.2307/121031},
  fjournal             = {Annals of Mathematics. Second Series},
  issn                 = {0003-486X},
  journal              = {Ann. of Math. (2)},
  mrclass              = {57N10 (57M05 57M25 57M50)},
  mrnumber             = {1670053 (2000d:57028)},
  mrreviewer           = {Kimihiko Motegi},
  number               = {3},
  pages                = {737--801},
  title                = {On {C}uller-{S}halen seminorms and {D}ehn filling},
  url                  = {http://dx.doi.org.ezproxy.lib.utexas.edu/10.2307/121031},
  volume               = {148},
  year                 = {1998},
  }

@book {pap:bloch,
    AUTHOR = {Bloch, Karl Adam},
     TITLE = {Homology of branched cyclic covers of {S}(3) and {R}(3)},
      NOTE = {Thesis (Ph.D.)--Indiana University},
 PUBLISHER = {ProQuest LLC, Ann Arbor, MI},
      YEAR = {2002},
     PAGES = {100}}

@article {pap:brittenhamwu,
    AUTHOR = {Brittenham, Mark and Wu, Ying-Qing},
     TITLE = {The classification of exceptional {D}ehn surgeries on 2-bridge
              knots},
   JOURNAL = {Comm. Anal. Geom.},
  FJOURNAL = {Communications in Analysis and Geometry},
    VOLUME = {9},
      YEAR = {2001},
    NUMBER = {1},
     PAGES = {97--113}}

@incollection {pap:cassongordoncobordism,
   AUTHOR = {Casson, A. J. and Gordon, C. {\relax McA}.},
     TITLE = {Cobordism of classical knots},
 BOOKTITLE = {\`{A} la recherche de la topologie perdue},
    SERIES = {Progr. Math.},
    VOLUME = {62},
     PAGES = {181--199},
      NOTE = {With an appendix by P. M. Gilmer},
 PUBLISHER = {Birkh\"auser Boston},
   ADDRESS = {Boston, MA},
      YEAR = {1986}}

@article {pap:cgls,
    AUTHOR = {Culler, Marc and Gordon, C. {\relax McA}. and Luecke, J. and Shalen,
              Peter B.},
     TITLE = {Dehn surgery on knots},
   JOURNAL = {Ann. of Math. (2)},
  FJOURNAL = {Annals of Mathematics. Second Series},
    VOLUME = {125},
      YEAR = {1987},
    NUMBER = {2},
     PAGES = {237--300}}

@article {pap:daviscyclic,
    AUTHOR = {Davis, James F.},
     TITLE = {The homology of cyclic branched covers of {$S^3$}},
   JOURNAL = {Math. Ann.},
  FJOURNAL = {Mathematische Annalen},
    VOLUME = {301},
      YEAR = {1995},
    NUMBER = {3},
     PAGES = {507--518}}
     
@article {pap:dean,
    AUTHOR = {Dean, John C.},
     TITLE = {Small {S}eifert-fibered {D}ehn surgery on hyperbolic knots},
   JOURNAL = {Algebr. Geom. Topol.},
  FJOURNAL = {Algebraic \& Geometric Topology},
    VOLUME = {3},
      YEAR = {2003},
         PAGES = {435--472}}

@article {pap:dmm,
    AUTHOR = {Deruelle, Arnaud and Miyazaki, Katura and Motegi, Kimihiko},
     TITLE = {Networking {S}eifert surgeries on knots. {II}. {T}he {B}erge's
              lens surgeries},
   JOURNAL = {Topology Appl.},
  FJOURNAL = {Topology and its Applications},
    VOLUME = {156},
      YEAR = {2009},
    NUMBER = {6},
     PAGES = {1083--1113}}

@article {pap:donaldson,
    AUTHOR = {Donaldson, S. K.},
     TITLE = {An application of gauge theory to four-dimensional topology},
   JOURNAL = {J. Differential Geom.},
  FJOURNAL = {Journal of Differential Geometry},
    VOLUME = {18},
      YEAR = {1983},
    NUMBER = {2},
     PAGES = {279--315}}
     
@article {pap:dynnikov_prasolov_Jones_Conjecture,
    AUTHOR = {Dynnikov, I. A. and Prasolov, M. V.},
     TITLE = {Bypasses for rectangular diagrams. {A} proof of the {J}ones
              conjecture and related questions},
   JOURNAL = {Trans. Moscow Math. Soc.},
  FJOURNAL = {Transactions of the Moscow Mathematical Society},
      YEAR = {2013},
     PAGES = {97--144},
      ISSN = {0077-1554},
   MRCLASS = {57M25},
  MRNUMBER = {3235791},
}
      
@misc{pap:eftekhary,
 author               = {E. Eftekhary},
 howpublished         = {\url{http://arxiv.org/abs/0909.3975}},
 title                = {Seifert fibered homology spheres with trivial {H}eegaard {F}loer homology},
 year                 = {2009},
 }

@incollection {pap:foxquick,
    AUTHOR = {Fox, R. H.},
     TITLE = {A quick trip through knot theory},
 BOOKTITLE = {Topology of 3-manifolds and related topics ({P}roc. {T}he
              {U}niv. of {G}eorgia {I}nstitute, 1961)},
     PAGES = {120--167},
 PUBLISHER = {Prentice-Hall},
   ADDRESS = {Englewood Cliffs, N.J.},
      YEAR = {1962}}

@incollection {pap:foxproblems,
    AUTHOR = {Fox, R. H.},
     TITLE = {Some problems in knot theory},
 BOOKTITLE = {Topology of 3-manifolds and related topics ({P}roc. {T}he
              {U}niv. of {G}eorgia {I}nstitute, 1961)},
     PAGES = {168--176},
 PUBLISHER = {Prentice-Hall},
   ADDRESS = {Englewood Cliffs, N.J.},
      YEAR = {1962}}

@book {pap:freedmanquinn,
    AUTHOR = {Freedman, Michael H. and Quinn, Frank},
     TITLE = {Topology of 4-manifolds},
    SERIES = {Princeton Mathematical Series},
    VOLUME = {39},
 PUBLISHER = {Princeton University Press},
   ADDRESS = {Princeton, NJ},
      YEAR = {1990},
     PAGES = {viii+259}}

@inproceedings {pap:freedmandisk,
    AUTHOR = {Freedman, Michael H.},
     TITLE = {The disk theorem for four-dimensional manifolds},
 BOOKTITLE = {Proceedings of the {I}nternational {C}ongress of
              {M}athematicians, {V}ol.\ 1, 2 ({W}arsaw, 1983)},
     PAGES = {647--663},
 PUBLISHER = {PWN},
   ADDRESS = {Warsaw},
      YEAR = {1984}}

@article {pap:freedman4manifolds,
    AUTHOR = {Freedman, Michael Hartley},
     TITLE = {The topology of four-dimensional manifolds},
   JOURNAL = {J. Differential Geom.},
  FJOURNAL = {Journal of Differential Geometry},
    VOLUME = {17},
      YEAR = {1982},
    NUMBER = {3},
     PAGES = {357--453}}

@inproceedings {pap:EMSeifert,
    AUTHOR = {Eudave-Mu{\~n}oz, Mario},
     TITLE = {On hyperbolic knots with {S}eifert fibered {D}ehn surgeries},
 BOOKTITLE = {Proceedings of the {F}irst {J}oint {J}apan-{M}exico {M}eeting
              in {T}opology ({M}orelia, 1999)},
   JOURNAL = {Topology Appl.},
  FJOURNAL = {Topology and its Applications},
    VOLUME = {121},
      YEAR = {2002},
    NUMBER = {1-2},
     PAGES = {119--141}}
     
@article{pap:EMcablingconjSI,
 author               = {Eudave-Mu{\~n}oz, M.},
 journal              = {Trans. Amer. Math. Soc.},
 pages                = {463--501},
 title                = {Band sums of links which yield composite links. {T}he cabling conjecture for strongly invertible knots},
 volume               = {330},
 year                 = {1992},
 }
     
@article{pap:gabaifoliations3,
 author               = {Gabai, D.},
 journal              = {J. Diff. Geom.},
 pages                = {479--536},
 title                = {Foliations and the topology of 3-manifolds, lll},
 volume               = {26},
 year                 = {1987},
 }
 
@article{pap:ghigginifibered,
 author               = {Ghiggini, P.},
 coden                = {AJMAAN},
 doi                  = {10.1353/ajm.0.0016},
 fjournal             = {American Journal of Mathematics},
 issn                 = {0002-9327},
 journal              = {Amer. J. Math.},
 mrclass              = {57M25 (57R58)},
 mrnumber             = {2450204 (2010f:57013)},
 number               = {5},
 pages                = {1151--1169},
 title                = {Knot {F}loer homology detects genus-one fibred knots},
 url                  = {http://dx.doi.org/10.1353/ajm.0.0016},
 volume               = {130},
 year                 = {2008},
 }
 
@article{pap:gonz-short,
 author               = {Gonzalez-Acuna, F. and Short, H.},
 journal              = {Math. Proc. Camb. Phil. Soc.},
 pages                = {89--102},
 title                = {Knot surgery and primeness},
 volume               = {99},
 year                 = {1986},
 }

@article{pap:gordon-litherland,
 author               = {C. McA. Gordon and R. Litherland},
 journal              = {Topology Appl.},
 pages                = {121--144},
 title                = {Incompressible planar surfaces in 3-manifolds},
 volume               = {18},
 year                 = {1984},
 }


@article{pap:gordon-luecke-complement,
 author               = {C. McA. Gordon and J. Luecke},
 journal              = {J. Amer. Math. Soc.},
 pages                = {371--415},
 title                = {Knots are determined by their complements},
 volume               = {2},
 year                 = {1989},
 }
     
@article{pap:gordon-luecke-distance,
 author               = {C. McA. Gordon and J. Luecke},
 journal              = {Topology},
 pages                = {385--409},
 title                = {Reducible manifolds and {D}ehn surgery},
 volume               = {35},
 year                 = {1996},
 }
 
@article{pap:gordon-luecke-integral,
 author               = {C. McA. Gordon and J. Luecke},
 journal              = {Math. Proc. Cambridge. Phil. Soc.},
 pages                = {97--101},
 title                = {Only integral {D}ehn surgeries can yield reducible manifolds},
 volume               = {102},
 year                 = {1987},
 }


@incollection {pap:gordonDSsurvey,
    AUTHOR = {Gordon, Cameron},
     TITLE = {Dehn surgery and 3-manifolds},
 BOOKTITLE = {Low dimensional topology},
    SERIES = {IAS/Park City Math. Ser.},
    VOLUME = {15},
     PAGES = {21--71},
 PUBLISHER = {Amer. Math. Soc.},
   ADDRESS = {Providence, RI},
      YEAR = {2009}}

@incollection{pap:Gordon97combinatorialmethods,
 author 			  = {C. Mc{A} Gordon},
 title				  = {Combinatorial methods in {D}ehn surgery},
 booktitle 			  = {Lectures at KNOTS ’96},
 publisher			  = {World Sci. Publishing, River Edge, NJ},
 year				  = {1997},
 pages 				  = {263--290},
 }

@article {pap:gordonsatellite,
    AUTHOR = {Gordon, C. {\relax McA}.},
     TITLE = {Dehn surgery and satellite knots},
   JOURNAL = {Trans. Amer. Math. Soc.},
  FJOURNAL = {Transactions of the American Mathematical Society},
    VOLUME = {275},
      YEAR = {1983},
    NUMBER = {2},
     PAGES = {687--708}}

@article {pap:greenelens,
    AUTHOR = {Greene, Joshua Evan},
     TITLE = {The lens space realization problem},
   JOURNAL = {Ann. of Math. (2)},
  FJOURNAL = {Annals of Mathematics. Second Series},
    VOLUME = {177},
      YEAR = {2013},
    NUMBER = {2},
     PAGES = {449--511}}
     
@misc{pap:greene,
 author               = {J. Greene},
 howpublished         = {\url{http://arxiv.org/abs/1009.1130}},
 title                = {L-space surgeries, genus bounds, and the cabling conjecture},
 year                 = {2010},
 }

@article {pap:gordonluecketori1,
    AUTHOR = {Gordon, C. {\relax McA}. and Luecke, J.},
     TITLE = {Dehn surgeries on knots creating essential tori. {I}},
   JOURNAL = {Comm. Anal. Geom.},
  FJOURNAL = {Communications in Analysis and Geometry},
    VOLUME = {3},
      YEAR = {1995},
    NUMBER = {3-4},
     PAGES = {597--644}}

@book {book:gompf-stipsicz,
    AUTHOR = {Gompf, Robert E. and Stipsicz, Andr{\'a}s I.},
     TITLE = {{$4$}-manifolds and {K}irby calculus},
    SERIES = {Graduate Studies in Mathematics},
    VOLUME = {20},
 PUBLISHER = {American Mathematical Society},
   ADDRESS = {Providence, RI},
      YEAR = {1999},
     PAGES = {xvi+558}}

@article{pap:hayashi_shimokawa,
  author               = {C. Hayashi and K. Shimokawa},
  journal              = {Math. Proc. Cambridge Philos. Soc.},
  pages                = {501--529},
  title                = {Symmetric knots satisfy the cabling conjecture},
  volume               = {123},
  year                 = {1998},
  }

@article {pap:hedden_cabling,
    AUTHOR = {Hedden, Matthew},
     TITLE = {On knot {F}loer homology and cabling},
   JOURNAL = {Algebr. Geom. Topol.},
  FJOURNAL = {Algebraic \& Geometric Topology},
    VOLUME = {5},
      YEAR = {2005},
     PAGES = {1197--1222}}
     
@article {pap:hedden_notions_QP,
    AUTHOR = {Hedden, Matthew},
     TITLE = {Notions of positivity and the {O}zsv\'ath-{S}zab\'o
              concordance invariant},
   JOURNAL = {J. Knot Theory Ramifications},
  FJOURNAL = {Journal of Knot Theory and its Ramifications},
    VOLUME = {19},
      YEAR = {2010},
    NUMBER = {5},
     PAGES = {617--629},
      ISSN = {0218-2165},
   MRCLASS = {57M27 (57M25 57N70)},
  MRNUMBER = {2646650 (2011j:57020)},
       DOI = {10.1142/S0218216510008017},
       URL = {http://dx.doi.org/10.1142/S0218216510008017},
}   
     
@article {pap:hedden_watson,
    AUTHOR = {M. Hedden and L. Watson},
     TITLE = {Does {K}hovanov homology detect the unknot?},
   JOURNAL = {Amer. J. Math.},
    VOLUME = {132},
      YEAR = {2010},
     PAGES = {1339--1345}}

@phdthesis{thesis:hoffman,
 author               = {J. Hoffman},
 school               = {University of Texas at Austin},
 title                = {Reducing spheres and embedded projective planes after {D}ehn surgery on a knot},
 year                 = {1995},
 }
 
@article {pap:hoffman_no_SGC,
    AUTHOR = {Hoffman, James A.},
     TITLE = {There are no strict great {$x$}-cycles after a reducing or
              {$P^2$} surgery on a knot},
   JOURNAL = {J. Knot Theory Ramifications},
  FJOURNAL = {Journal of Knot Theory and its Ramifications},
    VOLUME = {7},
      YEAR = {1998},
    NUMBER = {5},
     PAGES = {549--569},
      ISSN = {0218-2165},
   MRCLASS = {57M25 (57N10)},
  MRNUMBER = {1637581 (99h:57008)},
MRREVIEWER = {Daniel Matignon},
       DOI = {10.1142/S0218216598000309},
       URL = {http://dx.doi.org/10.1142/S0218216598000309},
}
     
@misc{pap:hom,
 author               = {J. Hom},
 howpublished         = {\url{http://arxiv.org/abs/0912.4046}},
 title                = {A note on cabling and {L}-space surgeries},
 year                 = {2009},
 }
 
@misc {pap:hom_lidman_zufelt,
    AUTHOR = {Hom, J. and Lidman, T. and Zufelt, N.},
    TITLE = {Reducible surgeries and {H}eegaard {F}loer homology},
    HOWPUBLISHED = {To appear in {\em Math. Res. Lett.}},
 	NOTE         = {\url{http://arxiv.org/abs/1307.5317}},
    YEAR = {2013}} 
 
@article{pap:howiescottwiegold,
 author               = {Howie, J.},
 journal              = {J. Pure Appl. Algebra},
 pages                = {167--176},
 title                = {A proof of the {S}cott-{W}iegold conjecture on free products of cyclic groups},
 volume               = {173},
 year                 = {2002},
 } 
 
@article{pap:howiethreesummands,
  author               = {Howie, J.},
  journal              = {Groups, Geometry, and Dynamics},
  number               = {4},
  pages                = {785--797},
  title                = {Can {D}ehn surgery yield three connected summands?},
  volume               = {4},
  year                 = {2010},
  }
  
@inproceedings{pap:Jaco_Shalen_1,
    AUTHOR = {Jaco, W. and Shalen, P. },
     TITLE = {A new decomposition theorem for irreducible sufficiently-large 3-manifolds},
   booktitle = {Algebraic and geometric topology (Proc. Sympos. Pure Math., Stanford Univ., Stanford, Calif., 1976), Part 2},
   SERIES 			  = {Proc. Sympos. Pure Math., XXXII},
    publisher			  = {Amer. Math. Soc., Providence, R.I.},
      YEAR = {1978},
    NUMBER = {3-4},
     PAGES = {71--84}
     }
     
@inproceedings{pap:Jaco_Shalen_2,
  author               = {Jaco, W. and Shalen, P.},  
  booktitle 			  = {Geometric topology (Proc. Georgia Topology Conf., Athens, Ga., 1977)},
  pages                = {91--99},
  title                = {Seifert fibered spaces in 3-manifolds},
  publisher			  = {Academic Press, New York},
  year                 = {1979},
  }
     
@inproceedings{pap:johannson,
    AUTHOR = {K. Johannson},
     TITLE = {Homotopy equivalences of 3-manifolds with boundaries},
   booktitle = {Lecture Notes in Mathematics},
    publisher			  = {Springer, Berlin},
    volume = {761}
      YEAR = {1979},
     }

@article{pap:kneser,
  author               = {Kneser, H.},
  journal              = {Jahresber. Deutsch. Math.-Verein.},
  pages                = {248--260},
  title                = {Geschlossene Fl\"{a}chen in dreidimensionale Mannigfaltigkeiten},
  volume               = {28},
  year                 = {1929},
  }
   
@article{pap:kron-mrow-ozsv-szab,
 author               = {P. B. Kronheimer and T. S. Mrowka and P. Ozsva\'th and Z. Szab\'o},
 journal              = {Ann. of Math. (2)},
 pages                = {457-546},
 title                = {Monopoles and lens space surgeries},
 volume               = {162(2)},
 year                 = {2007},
 }
 
@misc{pap:lidman_sivek_contact_reducible,
 author               = {Lidman, T. and Sivek, S.},
 howpublished         = {\url{http://arxiv.org/abs/1410.0303}},
 title                = {Contact structures and reducible surgeries},
 year                 = {2014},
 }
 
 
 
 
 
@article{pap:lickorish,
  author               = {W. B. R. Lickorish},
  journal              = {Ann. of Math.},
  pages                = {531--540},
  title                = {A representation of orientable combinatorial 3-manifolds},
  volume               = {76},
  number			   = {3},
  year                 = {1962},
  }
 
@article{pap:litherland,
 author               = {Litherland, R.A.},
 journal              = {J. London Math. Soc.},
 pages                = {559--569},
 title                = {Surgery on knots in solid tori, II},
 volume               = {2},
 year                 = {1980},
 }

@incollection {pap:livingstonsurvey,
    AUTHOR = {Livingston, Charles},
     TITLE = {A survey of classical knot concordance},
 BOOKTITLE = {Handbook of knot theory},
     PAGES = {319--347},
 PUBLISHER = {Elsevier B. V., Amsterdam},
      YEAR = {2005}}
      
@inproceedings {pap:miyazakimotegiperiodic,
    AUTHOR = {Miyazaki, Katura and Motegi, Kimihiko},
     TITLE = {Seifert fibering surgery on periodic knots},
 BOOKTITLE = {Proceedings of the {F}irst {J}oint {J}apan-{M}exico {M}eeting
              in {T}opology ({M}orelia, 1999)},
   JOURNAL = {Topology Appl.},
  FJOURNAL = {Topology and its Applications},
    VOLUME = {121},
      YEAR = {2002},
    NUMBER = {1-2},
     PAGES = {275--285}}
     
@book {book:lnmknottheory,
     TITLE = {Knot theory},
    SERIES = {Lecture Notes in Mathematics},
    VOLUME = {685},
 BOOKTITLE = {Proceedings of a {S}eminar held in {P}lans-sur-{B}ex, 1977},
    EDITOR = {Hausmann, Jean-Claude},
 PUBLISHER = {Springer-Verlag},
   ADDRESS = {Berlin},
      YEAR = {1978},
     PAGES = {ii+311}}
     
@article{pap:matignon-sayari,
 author               = {D. Matignon and N. Sayari},
 journal              = {Hiroshima Math. J.},
 pages                = {127-136},
 title                = {Longitudinal slope and {D}ehn fillings},
 volume               = {33},
 year                 = {2003},
 }
         
@article {pap:mmm,
    AUTHOR = {Mattman, Thomas and Miyazaki, Katura and Motegi, Kimihiko},
     TITLE = {Seifert-fibered surgeries which do not arise from
              primitive/{S}eifert-fibered constructions},
   JOURNAL = {Trans. Amer. Math. Soc.},
  FJOURNAL = {Transactions of the American Mathematical Society},
    VOLUME = {358},
      YEAR = {2006},
    NUMBER = {9},
     PAGES = {4045--4055}}
     
@article{pap:menasco-this,
 author               = {W. Menasco and M. B. Thistlethwaite},
 journal              = {J. Reine Angew. Math.},
 pages                = {47-65},
 title                = {Surfaces with boundary in alternating knot exteriors},
 volume               = {426},
 year                 = {1992},
 }

@article{pap:milner_prime_decomp,
 author               = {J. Milnor},
 journal              = {Amer. J. Math.},
 pages                = {1-7},
 title                = {A unique factorization theorem for 3-manifolds},
 volume               = {84},
 year                 = {1962},
 }

@article{pap:myers,
 author               = {R. Myers},
 journal              = {Trans. of A.M.S.},
 pages                = {75-91},
 title                = {Simple knots in compact orientable 3-manifolds},
 volume               = {273},
 year                 = {1982},
 }

@article {pap:mosertorus,
    AUTHOR = {Moser, L.},
     TITLE = {Elementary surgery along a torus knot},
   JOURNAL = {Pacific J. Math.},
  FJOURNAL = {Pacific Journal of Mathematics},
    VOLUME = {38},
      YEAR = {1971},
     PAGES = {737--745}}
     
@article {pap:ni_fibered_mfld,
    AUTHOR = {Ni, Y.},
     TITLE = {Heegaard {F}loer homology and fibered 3-manifolds},
   JOURNAL = {Amer. J. Math.},
    VOLUME = {131},
    NUMBER = {4},
      YEAR = {2009},
     PAGES = {1047--1063}}
     
@article{pap:nihfkfibered,
 author               = {Ni, Y.},
 coden                = {INVMBH},
 doi                  = {10.1007/s00222-007-0075-9},
 fjournal             = {Inventiones Mathematicae},
 issn                 = {0020-9910},
 journal              = {Invent. Math.},
 mrclass              = {57R58 (57M27 57R30)},
 mrnumber             = {2357503 (2008j:57053)},
 mrreviewer           = {Stanislav Jabuka},
 number               = {3},
 pages                = {577--608},
 title                = {Knot {F}loer homology detects fibred knots},
 url                  = {http://dx.doi.org/10.1007/s00222-007-0075-9},
 volume               = {170},
 year                 = {2007},
 }
     
@misc{pap:niwu,
 author               = {Ni, Y. and Wu, Z.},
 howpublished         = {\url{http://arxiv.org/abs/1009.4720v2}},
 title                = {Cosmetic surgeries on knots in {$S^3$}},
 year                 = {2010},
 }
 
@misc{pap:nizhang,
  author               = {Ni, Y. and Zhang, X.},
  howpublished         = {\url{http://arxiv.org/abs/1206.5577}},
  title                = {Characterizing slopes for torus knots},
  year                 = {2012},
  }

@article{pap:oh_toroidal_reducible,
  author               = {Oh, S.},
  journal              = {Topology Appl.},
  pages                = {93--104},
  title                = {Reducible and toroidal 3-manifolds obtained by {D}ehn fillings},
  volume               = {75},
  number			   = {1},
  year                 = {1997},
  }

@article {pap:ozszabsolute,
    AUTHOR = {Ozsv{\'a}th, Peter and Szab{\'o}, Zolt{\'a}n},
     TITLE = {Absolutely graded {F}loer homologies and intersection forms
              for four-manifolds with boundary},
   JOURNAL = {Adv. Math.},
  FJOURNAL = {Advances in Mathematics},
    VOLUME = {173},
      YEAR = {2003},
    NUMBER = {2},
     PAGES = {179--261}
} 

@article{pap:ozszgenusdetection,
 author               = {P.S. Ozsv\'ath and Z. Szab\'o},
 doi                  = {10.2140/gt.2004.8.311},
 fjournal             = {Geometry and Topology},
 issn                 = {1465-3060},
 journal              = {Geom. Topol.},
 mrclass              = {57M27 (53D35 57N10 57R58)},
 mrnumber             = {2023281 (2004m:57024)},
 mrreviewer           = {Jacob Andrew Rasmussen},
 pages                = {311--334},
 title                = {Holomorphic disks and genus bounds},
 url                  = {http://dx.doi.org.ezproxy.lib.utexas.edu/10.2140/gt.2004.8.311},
 volume               = {8},
 year                 = {2004},
 }
 
@article {pap:ozszalternating,
    AUTHOR = {Ozsv{\'a}th, Peter and Szab{\'o}, Zolt{\'a}n},
     TITLE = {Heegaard {F}loer homology and alternating knots},
   JOURNAL = {Geom. Topol.},
  FJOURNAL = {Geometry and Topology},
    VOLUME = {7},
      YEAR = {2003},
     PAGES = {225--254 (electronic)}}

@article {pap:ozszknots,
    AUTHOR = {Ozsv{\'a}th, Peter and Szab{\'o}, Zolt{\'a}n},
     TITLE = {Holomorphic disks and knot invariants},
   JOURNAL = {Adv. Math.},
  FJOURNAL = {Advances in Mathematics},
    VOLUME = {186},
      YEAR = {2004},
    NUMBER = {1},
     PAGES = {58--116}}
     
@incollection {pap:ozszlectures,
    AUTHOR = {Ozsv{\'a}th, Peter and Szab{\'o}, Zolt{\'a}n},
     TITLE = {Lectures on {H}eegaard {F}loer homology},
 BOOKTITLE = {Floer homology, gauge theory, and low-dimensional topology},
    SERIES = {Clay Math. Proc.},
    VOLUME = {5},
     PAGES = {29--70},
 PUBLISHER = {Amer. Math. Soc.},
   ADDRESS = {Providence, RI},
      YEAR = {2006}}

@article {pap:ozszinteger,
    AUTHOR = {Ozsv{\'a}th, Peter S. and Szab{\'o}, Zolt{\'a}n},
     TITLE = {Knot {F}loer homology and integer surgeries},
   JOURNAL = {Algebr. Geom. Topol.},
  FJOURNAL = {Algebraic \& Geometric Topology},
    VOLUME = {8},
      YEAR = {2008},
    NUMBER = {1},
     PAGES = {101--153}
}

@article{pap:ozszhflens,
 author               = {P.S. Ozsv\'ath and Z. Szab\'o},
 coden                = {TPLGAF},
 doi                  = {10.1016/j.top.2005.05.001},
 fjournal             = {Topology. An International Journal of Mathematics},
 issn                 = {0040-9383},
 journal              = {Topology},
 mrclass              = {57R58 (57M27 57R65)},
 mrnumber             = {2168576 (2006f:57034)},
 mrreviewer           = {Thomas E. Mark},
 number               = {6},
 pages                = {1281--1300},
 title                = {On knot {F}loer homology and lens space surgeries},
 url                  = {http://dx.doi.org/10.1016/j.top.2005.05.001},
 volume               = {44},
 year                 = {2005},
 }

@article {pap:ozszrational,
    AUTHOR = {Ozsv{\'a}th, Peter S. and Szab{\'o}, Zolt{\'a}n},
     TITLE = {Knot {F}loer homology and rational surgeries},
   JOURNAL = {Algebr. Geom. Topol.},
  FJOURNAL = {Algebraic \& Geometric Topology},
    VOLUME = {11},
      YEAR = {2011},
    NUMBER = {1},
     PAGES = {1--68}}

@article {pap:ozsz3-manifolds_1,
    AUTHOR = {Ozsv{\'a}th, Peter and Szab{\'o}, Zolt{\'a}n},
     TITLE = {Holomorphic disks and topological invariants for closed
              three-manifolds},
   JOURNAL = {Ann. of Math. (2)},
  FJOURNAL = {Annals of Mathematics. Second Series},
    VOLUME = {
    159},
      YEAR = {2004},
    NUMBER = {3},
     PAGES = {1027--1158}}

@article {pap:ozsz3-manifolds_2,
    AUTHOR = {Ozsv{\'a}th, Peter and Szab{\'o}, Zolt{\'a}n},
     TITLE = {Holomorphic disks and three-manifold invariants: properties
              and applications},
   JOURNAL = {Ann. of Math. (2)},
  FJOURNAL = {Annals of Mathematics. Second Series},
    VOLUME = {159},
      YEAR = {2004},
    NUMBER = {3},
     PAGES = {1159--1245}}
     
@article{pap:parry,
 author               = {Parry, W.},
 journal              = {Proc. Amer. Math. Soc.},
 pages                = {871--875},
 title                = {All types implies torsion},
 volume               = {110},
 year                 = {1990},
 }
     
@phdthesis{thesis:rasmussen,
 author               = {J. Rasmussen},
 school               = {Harvard University},
 title                = {{F}loer homology and knot complements},
 year                 = {2003},
 }
 
@article{pap:sayaribridge,
  author               = {Sayari, N.},
  journal              = {J. Knot Theory Ramifications},
  pages                = {493--504},
  title                = {Reducible {D}ehn surgery and the bridge number of a knot},
  volume               = {18},
  year                 = {2009},
}
     
@article{pap:scharlemann-reducible,
 author               = {Scharlemann, M.},
 journal              = {Topology},
 pages                = {481--500},
 title                = {Producing reducible 3-manifolds by surgery on a knot},
 volume               = {29},
 year                 = {1990},
 }

 @article{pap:scharlemannfirst,
  author               = {Scharlemann, M.},
  journal              = {Invent. Math.},
  pages                = {125--141},
  title                = {Smooth spheres in $\mathbb{R}^4$ with four critical points are standard},
  volume               = {79},
  year                 = {1985},
  }
  
  
@incollection {pap:stallings_constructions,
    AUTHOR = {Stallings, John R.},
     TITLE = {Constructions of fibred knots and links},
 BOOKTITLE = {Algebraic and geometric topology ({P}roc. {S}ympos. {P}ure
              {M}ath., {S}tanford {U}niv., {S}tanford, {C}alif., 1976),
              {P}art 2},
    SERIES = {Proc. Sympos. Pure Math., XXXII},
     PAGES = {55--60},
 PUBLISHER = {Amer. Math. Soc., Providence, R.I.},
      YEAR = {1978},
   MRCLASS = {57M25},
  MRNUMBER = {520522 (80e:57004)},
MRREVIEWER = {Kenneth A. Perko, Jr.},
}

@misc {pap:thurstonnotes,
    AUTHOR = {Thurston, W.},
     TITLE = {The Geometry and Topology of {3}-manifolds},
     HOWPUBLISHED = {Princeton University},
      YEAR = {1978}}

@article {pap:thurston3mfldkleinian,
    AUTHOR = {Thurston, William P.},
     TITLE = {Three-dimensional manifolds, {K}leinian groups and hyperbolic
              geometry},
   JOURNAL = {Bull. Amer. Math. Soc. (N.S.)},
  FJOURNAL = {American Mathematical Society. Bulletin. New Series},
    VOLUME = {6},
      YEAR = {1982},
    NUMBER = {3},
     PAGES = {357--381}}
     
@incollection {pap:thurstongeometry,
    AUTHOR = {Thurston, W.},
     TITLE = {Hyperbolic geometry and {$3$}-manifolds},
 BOOKTITLE = {Low-dimensional topology ({B}angor, 1979)},
    SERIES = {London Math. Soc. Lecture Note Ser.},
    VOLUME = {48},
     PAGES = {9--25},
 PUBLISHER = {Cambridge Univ. Press},
   ADDRESS = {Cambridge},
      YEAR = {1982}}
      
@article {pap:thompson_bandsum_propP,
    AUTHOR = {Thompson, Abigail},
     TITLE = {Property {${\rm P}$} for the band-connect sum of two knots},
   JOURNAL = {Topology},
  FJOURNAL = {Topology. An International Journal of Mathematics},
    VOLUME = {26},
      YEAR = {1987},
    NUMBER = {2},
     PAGES = {205--207},
      ISSN = {0040-9383},
     CODEN = {TPLGAF},
   MRCLASS = {57M25},
  MRNUMBER = {895572 (88i:57004)},
MRREVIEWER = {Cameron McA. Gordon},
       DOI = {10.1016/0040-9383(87)90060-7},
       URL = {http://dx.doi.org/10.1016/0040-9383(87)90060-7},
}
      
@article{pap:valdezsanchez,
 author               = {Valdez {S}\'{a}nchez, L.G.},
 journal              = {Topology Appl.},
 pages                = {355--370},
 title                = {Dehn fillings of 3-manifolds and non-persistent tori},
 volume               = {98},
 year                 = {1999},
 }
 
 
@article{pap:wallace,
   author               = {A. Wallace},
   journal              = {Canad. J. Math.},
   pages                = {503--528},
   title                = {Modifications and cobounding manifolds},
   volume               = {12},
   year                 = {1960},
   }

@article {pap:wumappingcones,
    AUTHOR = {Wu, Zhongtao},
     TITLE = {On mapping cones of {S}eifert fibered surgeries},
   JOURNAL = {J. Topol.},
  FJOURNAL = {Journal of Topology},
    VOLUME = {5},
      YEAR = {2012},
    NUMBER = {2},
     PAGES = {366--376}}

@article {pap:wulaminar,
    AUTHOR = {Wu, Ying-Qing},
     TITLE = {Persistently laminar branched surfaces},
   JOURNAL = {Comm. Anal. Geom.},
  FJOURNAL = {Communications in Analysis and Geometry},
    VOLUME = {20},
      YEAR = {2012},
    NUMBER = {2},
     PAGES = {397--434}}

@article {pap:wutoroidal,
    AUTHOR = {Wu, Ying-Qing},
     TITLE = {The classification of toroidal {D}ehn surgeries on
              {M}ontesinos knots},
   JOURNAL = {Comm. Anal. Geom.},
  FJOURNAL = {Communications in Analysis and Geometry},
    VOLUME = {19},
      YEAR = {2011},
    NUMBER = {2},
     PAGES = {305--345}}
 
 @article {pap:wuarborescent,
    AUTHOR = {Wu, Ying-Qing},
     TITLE = {Dehn surgery on arborescent knots},
   JOURNAL = {J. Differential Geom.},
  FJOURNAL = {Journal of Differential Geometry},
    VOLUME = {43},
      YEAR = {1996},
    NUMBER = {1},
     PAGES = {171--197}}
     
@article{pap:wu_toroidal_reducible,
  author               = {Wu, Y.},
  journal              = {Topology},
  pages                = {95--108},
  title                = {Dehn fillings producing reducible manifolds and toroidal manifolds},
  volume               = {37},
  number			   = {1},
  year                 = {1998},
  }


@article {pap:wuwrapping,
    AUTHOR = {Wu, Ying-Qing},
     TITLE = {Dehn surgery on knots of wrapping number 2},
   JOURNAL = {Algebr. Geom. Topol.},
  FJOURNAL = {Algebraic \& Geometric Topology},
    VOLUME = {13},
      YEAR = {2013},
    NUMBER = {1},
     PAGES = {479--503}}
     
@misc {pap:zufeltdivisibility,
    AUTHOR = {Zufelt, N.},
     TITLE = {Webs and divisibility},
     HOWPUBLISHED = {To appear soon on the arXiv},
      YEAR = {2014}}